@inproceedings{kucuksubasi2018transfer,
  title={Transfer Learning-Based Crack Detection by Autonomous UAVs},
  author={Kucuksubasi, F and Sorguc, AG},
  booktitle={ISARC. Proceedings of the International Symposium on Automation and Robotics in Construction},
  volume={35},
  pages={1--8},
  year={2018},
  organization={IAARC Publications}
}
@inproceedings{wu2018coupling,
  title={Coupling deep learning and UAV for infrastructure condition assessment automation},
  author={Wu, Weidong and Qurishee, Murad A and Owino, Joseph and Fomunung, Ignatius and Onyango, Mbakisya and Atolagbe, Babatunde},
  booktitle={2018 IEEE International Smart Cities Conference (ISC2)},
  pages={1--7},
  year={2018},
  organization={IEEE}
}
@inproceedings{ren2015faster,
  title={Faster r-cnn: Towards real-time object detection with region proposal networks},
  author={Ren, Shaoqing and He, Kaiming and Girshick, Ross and Sun, Jian},
  booktitle={Advances in neural information processing systems},
  pages={91--99},
  year={2015}
}
@inproceedings{redmon2016you,
  title={You only look once: Unified, real-time object detection},
  author={Redmon, Joseph and Divvala, Santosh and Girshick, Ross and Farhadi, Ali},
  booktitle={Proceedings of the IEEE conference on computer vision and pattern recognition},
  pages={779--788},
  year={2016}
}
@inproceedings{liu2016ssd,
  title={Ssd: Single shot multibox detector},
  author={Liu, Wei and Anguelov, Dragomir and Erhan, Dumitru and Szegedy, Christian and Reed, Scott and Fu, Cheng-Yang and Berg, Alexander C},
  booktitle={European conference on computer vision},
  pages={21--37},
  year={2016},
  organization={Springer}
}
@article{furtner2019automated,
  title={Automated Infrastructure Inspection based on Digital Twins and Machine Learning},
  author={FURTNER, Peter and FORSTNER, Ernst and KARLUSCH, Albrecht},
  journal={Structural Health Monitoring 2019},
  year={2019}
}
@article{kang2018autonomous,
  title={Autonomous UAVs for structural health monitoring using deep learning and an ultrasonic beacon system with geo-tagging},
  author={Kang, Dongho and Cha, Young-Jin},
  journal={Computer-Aided Civil and Infrastructure Engineering},
  volume={33},
  number={10},
  pages={885--902},
  year={2018},
  publisher={Wiley Online Library}
}
@inproceedings{willner1976kalman,
  title={Kalman filter algorithms for a multi-sensor system},
  author={Willner, D and Chang, CB and Dunn, KP},
  booktitle={1976 IEEE Conference on Decision and Control including the 15th Symposium on Adaptive Processes},
  pages={570--574},
  year={1976},
  organization={IEEE}
}

@article{cha2017deep,
  title={Deep learning-based crack damage detection using convolutional neural networks},
  author={Cha, Young-Jin and Choi, Wooram and B{\"u}y{\"u}k{\"o}zt{\"u}rk, Oral},
  journal={Computer-Aided Civil and Infrastructure Engineering},
  volume={32},
  number={5},
  pages={361--378},
  year={2017},
  publisher={Wiley Online Library}
}

@article{apolo2020deep,
  title={Deep learning techniques for estimation of the yield and size of citrus fruits using a UAV},
  author={Apolo-Apolo, OE and Mart{\'\i}nez-Guanter, J and Egea, G and Raja, P and P{\'e}rez-Ruiz, M},
  journal={European Journal of Agronomy},
  volume={115},
  pages={126030},
  year={2020},
  publisher={Elsevier}
}

@article{padhy2018deep,
  title={Deep neural network for autonomous uav navigation in indoor corridor environments},
  author={Padhy, Ram Prasad and Verma, Sachin and Ahmad, Shahzad and Choudhury, Suman Kumar and Sa, Pankaj Kumar},
  journal={Procedia computer science},
  volume={133},
  pages={643--650},
  year={2018},
  publisher={Elsevier}
}

@inproceedings{fan2019real,
  title={Real-time dense stereo embedded in a uav for road inspection},
  author={Fan, Rui and Jiao, Jianhao and Pan, Jie and Huang, Huaiyang and Shen, Shaojie and Liu, Ming},
  booktitle={Proceedings of the IEEE Conference on Computer Vision and Pattern Recognition Workshops},
  year={2019}
}

@inproceedings{saribas2019hybrid,
  title={A Hybrid Method for Tracking of Objects by UAVs},
  author={Saribas, Hasan and Uzun, Bedirhan and Benligiray, Burak and Eker, Onur and Cevikalp, Hakan},
  booktitle={Proceedings of the IEEE Conference on Computer Vision and Pattern Recognition Workshops},
  year={2019}
}

@inproceedings{kyrkou2019deep,
  title={Deep-Learning-Based Aerial Image Classification for Emergency Response Applications Using Unmanned Aerial Vehicles},
  author={Kyrkou, Christos and Theocharides, Theocharis},
  booktitle={Proceedings of the IEEE Conference on Computer Vision and Pattern Recognition Workshops},
  year={2019}
}

@inproceedings{kumar2018onboard,
  title={Onboard hyperspectral image compression using compressed sensing and deep learning},
  author={Kumar, Saurabh and Chaudhuri, Subhasis and Banerjee, Biplab and Ali, Feroz},
  booktitle={Proceedings of the European Conference on Computer Vision (ECCV)},
  year={2018}
}

@inproceedings{hitomi2011video,
  title={Video from a single coded exposure photograph using a learned over-complete dictionary},
  author={Hitomi, Yasunobu and Gu, Jinwei and Gupta, Mohit and Mitsunaga, Tomoo and Nayar, Shree K},
  booktitle={2011 International Conference on Computer Vision},
  pages={287--294},
  year={2011},
  organization={IEEE}
}

@inproceedings{marcu2018safeuav,
  title={SafeUAV: Learning to estimate depth and safe landing areas for UAVs from synthetic data},
  author={Marcu, Alina and Costea, Dragos and Licaret, Vlad and P{\^\i}rvu, Mihai and Slusanschi, Emil and Leordeanu, Marius},
  booktitle={Proceedings of the European Conference on Computer Vision (ECCV)},
  year={2018}
}

@inproceedings{milz2018aerial,
  title={Aerial GANeration: Towards realistic data augmentation using conditional GANs},
  author={Milz, Stefan and Rudiger, Tobias and Suss, Sebastian},
  booktitle={Proceedings of the European Conference on Computer Vision (ECCV)},
  year={2018}
}

@inproceedings{zhang2019dense,
  title={Dense and Small Object Detection in UAV Vision Based on Cascade Network},
  author={Zhang, Xindi and Izquierdo, Ebroul and Chandramouli, Krishna},
  booktitle={Proceedings of the IEEE International Conference on Computer Vision Workshops},
  year={2019}
}

@inproceedings{bondi2018spot,
  title={Spot poachers in action: Augmenting conservation drones with automatic detection in near real time},
  author={Bondi, Elizabeth and Fang, Fei and Hamilton, Mark and Kar, Debarun and Dmello, Donnabell and Choi, Jongmoo and Hannaford, Robert and Iyer, Arvind and Joppa, Lucas and Tambe, Milind and others},
  booktitle={Thirty-Second AAAI Conference on Artificial Intelligence},
  year={2018}
}

@inproceedings{garcia2018explainable,
  title={Explainable autonomy: A study of explanation styles for building clear mental models},
  author={Garcia, Francisco Javier Chiyah and Robb, David A and Liu, Xingkun and Laskov, Atanas and Patron, Pedro and Hastie, Helen},
  booktitle={Proceedings of the 11th International Conference on Natural Language Generation},
  pages={99--108},
  year={2018}
}

@inproceedings{li2017visual,
  title={Visual object tracking for unmanned aerial vehicles: A benchmark and new motion models},
  author={Li, Siyi and Yeung, Dit-Yan},
  booktitle={Thirty-First AAAI Conference on Artificial Intelligence},
  year={2017}
}

@article{henriques2014high,
  title={High-speed tracking with kernelized correlation filters},
  author={Henriques, Jo{\~a}o F and Caseiro, Rui and Martins, Pedro and Batista, Jorge},
  journal={IEEE transactions on pattern analysis and machine intelligence},
  volume={37},
  number={3},
  pages={583--596},
  year={2014},
  publisher={IEEE}
}

@inproceedings{danelljan2014accurate,
  title={Accurate scale estimation for robust visual tracking},
  author={Danelljan, Martin and H{\"a}ger, Gustav and Khan, Fahad and Felsberg, Michael},
  booktitle={British Machine Vision Conference, Nottingham, September 1-5, 2014},
  year={2014},
  organization={BMVA Press}
}

@inproceedings{danelljan2015learning,
  title={Learning spatially regularized correlation filters for visual tracking},
  author={Danelljan, Martin and Hager, Gustav and Shahbaz Khan, Fahad and Felsberg, Michael},
  booktitle={Proceedings of the IEEE international conference on computer vision},
  pages={4310--4318},
  year={2015}
}

@inproceedings{possegger2015defense,
  title={In defense of color-based model-free tracking},
  author={Possegger, Horst and Mauthner, Thomas and Bischof, Horst},
  booktitle={Proceedings of the IEEE Conference on Computer Vision and Pattern Recognition},
  pages={2113--2120},
  year={2015}
}

@inproceedings{wang2015understanding,
  title={Understanding and diagnosing visual tracking systems},
  author={Wang, Naiyan and Shi, Jianping and Yeung, Dit-Yan and Jia, Jiaya},
  booktitle={Proceedings of the IEEE international conference on computer vision},
  pages={3101--3109},
  year={2015}
}

@inproceedings{zhang2014meem,
  title={MEEM: robust tracking via multiple experts using entropy minimization},
  author={Zhang, Jianming and Ma, Shugao and Sclaroff, Stan},
  booktitle={European conference on computer vision},
  pages={188--203},
  year={2014},
  organization={Springer}
}

@article{wang2015transferring,
  title={Transferring rich feature hierarchies for robust visual tracking},
  author={Wang, Naiyan and Li, Siyi and Gupta, Abhinav and Yeung, Dit-Yan},
  journal={arXiv preprint arXiv:1501.04587},
  year={2015}
}

@inproceedings{nam2016learning,
  title={Learning multi-domain convolutional neural networks for visual tracking},
  author={Nam, Hyeonseob and Han, Bohyung},
  booktitle={Proceedings of the IEEE conference on computer vision and pattern recognition},
  pages={4293--4302},
  year={2016}
}

@inproceedings{mayer2019drones,
  title={Drones for Search and Rescue},
  author={Mayer, Sven and Lischke, Lars and Wo{\'z}niak, Pawe{\l} W},
  year={2019}
}

@inproceedings{brennan2019drones,
  title={Drones for Remote Collaboration in Wilderness Search and Rescue},
  author={Brennan, Jones and Tang, Anthony and Neustaedter, Carman},
  year={2019}
}

@MISC{dronecnn,
	HOWPUBLISHED = {https://www.cnn.com/2020/04/30/tech/robots-covid-19-deliveries/index.html},
	TITLE = {Why robots aren't delivering your groceries during the pandemic.},
	YEAR = {2020},
	NOTE = {Accessed on May 30, 2020}
}

@inproceedings{tordesillas2019real,
  title={Real-time planning with multi-fidelity models for agile flights in unknown environments},
  author={Tordesillas, Jesus and Lopez, Brett T and Carter, John and Ware, John and How, Jonathan P},
  booktitle={2019 International Conference on Robotics and Automation (ICRA)},
  pages={725--731},
  year={2019},
  organization={IEEE}
}


@inproceedings{tordesillas2019faster,
  author={Tordesillas, Jesus and Lopez, Brett T and Everett, Michael and How, Jonathan P},
  booktitle={2019 IEEE/RSJ International Conference on Intelligent Robots and Systems (IROS)}, 
  title={FASTER: Fast and Safe Trajectory Planner for Flights in Unknown Environments}, 
  year={2019},
  pages={1934-1940}
}

@inproceedings{harabor2011online,
  title={Online graph pruning for pathfinding on grid maps},
  author={Harabor, Daniel Damir and Grastien, Alban},
  booktitle={Twenty-Fifth AAAI Conference on Artificial Intelligence},
  year={2011}
}

@article{liu2017planning,
  title={Planning dynamically feasible trajectories for quadrotors using safe flight corridors in 3-d complex environments},
  author={Liu, Sikang and Watterson, Michael and Mohta, Kartik and Sun, Ke and Bhattacharya, Subhrajit and Taylor, Camillo J and Kumar, Vijay},
  journal={IEEE Robotics and Automation Letters},
  volume={2},
  number={3},
  pages={1688--1695},
  year={2017},
  publisher={IEEE}
}

@article{zhu2018vision,
  title={Vision meets drones: A challenge},
  author={Zhu, Pengfei and Wen, Longyin and Bian, Xiao and Ling, Haibin and Hu, Qinghua},
  journal={arXiv preprint arXiv:1804.07437},
  year={2018}
}

@article{zhu2020vision,
  title={Vision Meets Drones: Past, Present and Future},
  author={Zhu, Pengfei and Wen, Longyin and Du, Dawei and Bian, Xiao and Hu, Qinghua and Ling, Haibin},
  journal={arXiv preprint arXiv:2001.06303},
  year={2020}
}

@inproceedings{hsieh2017drone,
  title={Drone-based object counting by spatially regularized regional proposal network},
  author={Hsieh, Meng-Ru and Lin, Yen-Liang and Hsu, Winston H},
  booktitle={Proceedings of the IEEE International Conference on Computer Vision},
  pages={4145--4153},
  year={2017}
}

@inproceedings{du2018unmanned,
  title={The unmanned aerial vehicle benchmark: Object detection and tracking},
  author={Du, Dawei and Qi, Yuankai and Yu, Hongyang and Yang, Yifan and Duan, Kaiwen and Li, Guorong and Zhang, Weigang and Huang, Qingming and Tian, Qi},
  booktitle={Proceedings of the European Conference on Computer Vision (ECCV)},
  pages={370--386},
  year={2018}
}

@inproceedings{garg2020enabling,
  title={Enabling Self-defense in Small Drones},
  author={Garg, Nakul and Roy, Nirupam},
  booktitle={Proceedings of the 21st International Workshop on Mobile Computing Systems and Applications},
  pages={15--20},
  year={2020}
}

@article{kyrkou2020emergencynet,
  title={EmergencyNet: Efficient Aerial Image Classification for Drone-Based Emergency Monitoring Using Atrous Convolutional Feature Fusion},
  author={Kyrkou, Christos and Theocharides, Theocharis},
  journal={IEEE Journal of Selected Topics in Applied Earth Observations and Remote Sensing},
  volume={13},
  pages={1687--1699},
  year={2020},
  publisher={IEEE}
}

@inproceedings{roy2015aarpa,
  title={AARPA: Combining Mobile and Power-line Sensing for Fine-grained Appliance Usage and Energy Monitoring},
  author={Roy, Nirmalya and Pathak, Nilavra and Misra, Archan},
  booktitle={2015 16th IEEE International Conference on Mobile Data Management},
  volume={1},
  pages={213--218},
  year={2015},
  organization={IEEE}
}

@inproceedings{pathak2015acoustic,
  title={Acoustic based appliance state identifications for fine-grained energy analytics},
  author={Pathak, Nilavra and Khan, Md Abdullah Al Hafiz and Roy, Nirmalya},
  booktitle={2015 IEEE International Conference on Pervasive Computing and Communications (PerCom)},
  pages={63--70},
  year={2015},
  organization={IEEE}
}

@inproceedings{khan2015demo,
  title={Demo abstract: a microphone sensor based system for green building applications},
  author={Khan, MD Abdullah Al Hafiz and Lu, Sheung and Roy, Nirmalya and Pathak, Nilavra},
  booktitle={2015 IEEE International Conference on Pervasive Computing and Communication Workshops (PerCom Workshops)},
  pages={208--210},
  year={2015},
  organization={IEEE}
}

@inproceedings{roy2013performance,
  title={Performance of the latest generation powerline networking for green building applications},
  author={Roy, Nirmalya and Kleinschmidt, David and Taylor, Joseph and Shirazi, Behrooz},
  booktitle={Proceedings of the 5th ACM Workshop on Embedded Systems For Energy-Efficient Buildings},
  pages={1--8},
  year={2013}
}

@inproceedings{khan2019detecting,
  title={Detecting Common Insulation Problems in Built Environments using Thermal Images},
  author={Khan, Naima and Pathak, Nilavra and Roy, Nirmalya},
  booktitle={2019 IEEE International Conference on Smart Computing (SMARTCOMP)},
  pages={454--458},
  year={2019},
  organization={IEEE}
}

@incollection{mckenna2016public,
  title={The Public Acceptance Challenge and Its Implications for the Developing Civil Drone Industry},
  author={McKenna, Alan},
  booktitle={The Future of Drone Use},
  pages={353--369},
  year={2016},
  publisher={Springer}
}

@article{liu2014review,
  title={A review of rotorcraft unmanned aerial vehicle (UAV) developments and applications in civil engineering},
  author={Liu, Peter and Chen, Albert Y and Huang, Yin-Nan and Han, Jen-Yu and Lai, Jihn-Sung and Kang, Shih-Chung and Wu, Tzong-Hann and Wen, Ming-Chang and Tsai, Meng-Han and others},
  journal={Smart Struct. Syst},
  volume={13},
  number={6},
  pages={1065--1094},
  year={2014}
}

@article{sensing2015disasters,
  title={Disasters: risk assessment, management, and post-disaster studies using remote sensing},
  author={Sensing, Using Remote},
  journal={Remote sensing of water resources, disasters, and urban studies},
  pages={455},
  year={2015},
  publisher={CRC Press}
}

@article{dong2013comprehensive,
  title={A comprehensive review of earthquake-induced building damage detection with remote sensing techniques},
  author={Dong, Laigen and Shan, Jie},
  journal={ISPRS Journal of Photogrammetry and Remote Sensing},
  volume={84},
  pages={85--99},
  year={2013},
  publisher={Elsevier}
}

@article{morgenthal2014quality,
  title={Quality assessment of unmanned aerial vehicle (UAV) based visual inspection of structures},
  author={Morgenthal, G and Hallermann, N},
  journal={Advances in Structural Engineering},
  volume={17},
  number={3},
  pages={289--302},
  year={2014},
  publisher={SAGE Publications Sage UK: London, England}
}

@incollection{custers2016flying,
  title={Flying to new destinations: the future of drones},
  author={Custers, Bart},
  booktitle={The Future of Drone Use},
  pages={371--386},
  year={2016},
  publisher={Springer}
}

@inproceedings{tariq2018dronaid,
  title={Dronaid: A smart human detection drone for rescue},
  author={Tariq, Rameesha and Rahim, Maham and Aslam, Nimra and Bawany, Narmeen and Faseeha, Ummay},
  booktitle={2018 15th International Conference on Smart Cities: Improving Quality of Life Using ICT \& IoT (HONET-ICT)},
  pages={33--37},
  year={2018},
  organization={IEEE}
}

@article{jin2011target,
  title={Target detection and classification using seismic and PIR sensors},
  author={Jin, Xin and Sarkar, Soumalya and Ray, Asok and Gupta, Shalabh and Damarla, Thyagaraju},
  journal={IEEE Sensors Journal},
  volume={12},
  number={6},
  pages={1709--1718},
  year={2011},
  publisher={IEEE}
}

@inproceedings{robicquet2016learning,
  title={Learning social etiquette: Human trajectory understanding in crowded scenes},
  author={Robicquet, Alexandre and Sadeghian, Amir and Alahi, Alexandre and Savarese, Silvio},
  booktitle={European conference on computer vision},
  pages={549--565},
  year={2016},
  organization={Springer}
}

@inproceedings{smolyanskiy2017toward,
  title={Toward low-flying autonomous MAV trail navigation using deep neural networks for environmental awareness},
  author={Smolyanskiy, Nikolai and Kamenev, Alexey and Smith, Jeffrey and Birchfield, Stan},
  booktitle={2017 IEEE/RSJ International Conference on Intelligent Robots and Systems (IROS)},
  pages={4241--4247},
  year={2017},
  organization={IEEE}
}

@inproceedings{he2016deep,
  title={Deep residual learning for image recognition},
  author={He, Kaiming and Zhang, Xiangyu and Ren, Shaoqing and Sun, Jian},
  booktitle={Proceedings of the IEEE conference on computer vision and pattern recognition},
  pages={770--778},
  year={2016}
}

@article{jung2018perception,
  title={Perception, guidance, and navigation for indoor autonomous drone racing using deep learning},
  author={Jung, Sunggoo and Hwang, Sunyou and Shin, Heemin and Shim, David Hyunchul},
  journal={IEEE Robotics and Automation Letters},
  volume={3},
  number={3},
  pages={2539--2544},
  year={2018},
  publisher={IEEE}
}

@inproceedings{gandhi2017learning,
  title={Learning to fly by crashing},
  author={Gandhi, Dhiraj and Pinto, Lerrel and Gupta, Abhinav},
  booktitle={2017 IEEE/RSJ International Conference on Intelligent Robots and Systems (IROS)},
  pages={3948--3955},
  year={2017},
  organization={IEEE}
}

@article{singla2019memory,
  title={Memory-based deep reinforcement learning for obstacle avoidance in UAV with limited environment knowledge},
  author={Singla, Abhik and Padakandla, Sindhu and Bhatnagar, Shalabh},
  journal={IEEE Transactions on Intelligent Transportation Systems},
  year={2019},
  publisher={IEEE}
}

@inproceedings{kouris2018learning,
  title={Learning to fly by myself: A self-supervised cnn-based approach for autonomous navigation},
  author={Kouris, Alexandros and Bouganis, Christos-Savvas},
  booktitle={2018 IEEE/RSJ International Conference on Intelligent Robots and Systems (IROS)},
  pages={1--9},
  year={2018},
  organization={IEEE}
}

@article{fernandez2019towards,
  title={Towards an autonomous industry 4.0 warehouse: A UAV and blockchain-based system for inventory and traceability applications in big data-driven supply chain management},
  author={Fern{\'a}ndez-Caram{\'e}s, Tiago M and Blanco-Novoa, Oscar and Froiz-M{\'\i}guez, Iv{\'a}n and Fraga-Lamas, Paula},
  journal={Sensors},
  volume={19},
  number={10},
  pages={2394},
  year={2019},
  publisher={Multidisciplinary Digital Publishing Institute}
}

@MISC{dronefortune,
	HOWPUBLISHED = {https://fortune.com/2020/07/13/coronavirus-drones-dji-wing-flytrex-covid-19-pandemic/},
	TITLE = {Drone industry flies higher as COVID-19 fuels demand for remote services.},
	YEAR = {2020},
	NOTE = {Accessed on August 18, 2020}
}

@article{fraga2019review,
  title={A review on IoT deep learning UAV systems for autonomous obstacle detection and collision avoidance},
  author={Fraga-Lamas, Paula and Ramos, Luc{\'\i}a and Mond{\'e}jar-Guerra, V{\'\i}ctor and Fern{\'a}ndez-Caram{\'e}s, Tiago M},
  journal={Remote Sensing},
  volume={11},
  number={18},
  pages={2144},
  year={2019},
  publisher={Multidisciplinary Digital Publishing Institute}
}

@MISC{dronebusinessinsider,
	HOWPUBLISHED = {https://www.businessinsider.com/commercial-uav-market-analysis},
	TITLE = {Commercial Unmanned Aerial Vehicle (UAV) Market Analysis – Industry trends, forecasts and companies.},
	YEAR = {2020},
	NOTE = {Accessed on August 18, 2020}
}

@MISC{droneforbes,
	HOWPUBLISHED = {https://www.forbes.com/sites/philipfinnegan/2020/05/08/drones-coronavirus/\#71602ff235c5},
	TITLE = {Coronavirus Bringing Winter To The Drone Industry.},
	YEAR = {2020},
	NOTE = {Accessed on August 18, 2020}
}

@MISC{droneglobenewswire,
	HOWPUBLISHED = {https://www.globenewswire.com/news-release/2020/07/10/2060509/0/en/UAV-Drones-Industry-to-Surpass-77-Billion-by-2027-Despite-COVID-19-Disruptions.html},
	TITLE = {UAV Drones Industry to Surpass \$77 Billion by 2027, Despite COVID-19 Disruptions.},
	YEAR = {2020},
	NOTE = {Accessed on August 18, 2020}
}

@inproceedings{ngo2019isir,
  title={OU-ISIR wearable sensor-based gait challenge: Age and gender},
  author={Ngo, Thanh Trung and Ahad, Md Atiqur Rahman and Antar, Anindya Das and Ahmed, Masud and Muramatsu, Daigo and Makihara, Yasushi and Yagi, Yasushi and Inoue, Sozo and Hossain, Tahera and Hattori, Yuichi},
  booktitle={2019 International Conference on Biometrics (ICB)},
  pages={1--6},
  year={2019},
  organization={IEEE}
}

@article{khan2020temporal,
  title={Temporal Clustering Based Thermal Condition Monitoring in Building},
  author={Khan, Naima and Ahmed, Masud and Roy, Nirmalya},
  journal={Sustainable Computing: Informatics and Systems},
  pages={100441},
  year={2020},
  publisher={Elsevier}
}

@inproceedings{krajewski2018highd,
  title={The highd dataset: A drone dataset of naturalistic vehicle trajectories on german highways for validation of highly automated driving systems},
  author={Krajewski, Robert and Bock, Julian and Kloeker, Laurent and Eckstein, Lutz},
  booktitle={2018 21st International Conference on Intelligent Transportation Systems (ITSC)},
  pages={2118--2125},
  year={2018},
  organization={IEEE}
}

@article{rahnemoonfar2020comprehensive,
  title={Comprehensive Semantic Segmentation on High Resolution Aerial Imagery for Natural Disaster Assessment},
  author={Rahnemoonfar, Maryam and Chowdhury, Tashnim and Murphy, Robin and Fernandes, Odair},
  journal={arXiv preprint arXiv:2009.01193},
  year={2020}
}

@article{rahnemoonfar2020floodnet,
  title={FloodNet: A High Resolution Aerial Imagery Dataset for Post Flood Scene Understanding},
  author={Rahnemoonfar, Maryam and Chowdhury, Tashnim and Sarkar, Argho and Varshney, Debvrat and Yari, Masoud and Murphy, Robin},
  journal={arXiv preprint arXiv:2012.02951},
  year={2020}
}

@MISC{dronehacking,
	HOWPUBLISHED = {https://usa.kaspersky.com/resource-center/threats/can-drones-be-hacked},
	TITLE = {Security and drones — what you need to know.},
	YEAR = {2020},
	NOTE = {Accessed on December 18, 2020}
}
@inproceedings{isola2017image,
  title={Image-to-image translation with conditional adversarial networks},
  author={Isola, Phillip and Zhu, Jun-Yan and Zhou, Tinghui and Efros, Alexei A},
  booktitle={Proceedings of the IEEE conference on computer vision and pattern recognition},
  pages={1125--1134},
  year={2017}
}
@inproceedings{szegedy2016rethinking,
  title={Rethinking the inception architecture for computer vision},
  author={Szegedy, Christian and Vanhoucke, Vincent and Ioffe, Sergey and Shlens, Jon and Wojna, Zbigniew},
  booktitle={Proceedings of the IEEE conference on computer vision and pattern recognition},
  pages={2818--2826},
  year={2016}
}

@book{federal2009pilot,
  title={Pilot's handbook of aeronautical knowledge},
  author={Federal Aviation Administration and United States. Federal Aviation Administration},
  pages={377},
  year={2009},
  publisher={Skyhorse Publishing Inc.}
}

@MISC{FAAdrone,
	HOWPUBLISHED = {https://www.faa.gov/uas/recreational\_fliers/},
	TITLE = {Recreational Flyers \& Modeler Community-Based Organizations.},
	YEAR = {2020},
	NOTE = {Accessed on December 18, 2020}
}

@MISC{NASAdrone,
	HOWPUBLISHED = {https://www.nasa.gov/ames/utm},
	TITLE = {What is Unmanned Aircraft Systems Traffic Management?},
	YEAR = {2020},
	NOTE = {Accessed on December 18, 2020}
}

@book{kopardekar2014unmanned,
  title={Unmanned aerial system (UAS) traffic management (UTM): Enabling low-altitude airspace and UAS operations},
  author={Kopardekar, Parimal},
  year={2014},
  publisher={National Aeronautics and Space Administration, Ames Research Center}
}

@MISC{dronetraffic,
	HOWPUBLISHED = {https://www.faa.gov/uas/research\_development/traffic\_management/},
	TITLE = {Unmanned Aircraft System Traffic Management (UTM).},
	YEAR = {2020},
	NOTE = {Accessed on December 18, 2020}
}

@inproceedings{zhu2018visdrone,
  title={Visdrone-det2018: The vision meets drone object detection in image challenge results},
  author={Zhu, Pengfei and Wen, Longyin and Du, Dawei and Bian, Xiao and Ling, Haibin and Hu, Qinghua and Nie, Qinqin and Cheng, Hao and Liu, Chenfeng and Liu, Xiaoyu and others},
  booktitle={Proceedings of the European Conference on Computer Vision (ECCV) Workshops},
  pages={0--0},
  year={2018}
}

@article{pailla2019visdrone,
  title={VisDrone-DET2019: The Vision Meets Drone Object Detection in Image Challenge Results},
  author={Pailla, Dheeraj Reddy},
  year={2019}
}